<record><leader>00000cas a2200000 a 4500</leader><controlfield tag="001">9958302</controlfield><controlfield tag="008">830928d18541860nyuwr ne      0    0eng c</controlfield><datafield ind1=" " ind2=" " tag="010"><subfield code="a">sn 83031692 </subfield></datafield><datafield ind1=" " ind2=" " tag="040"><subfield code="a">NPU</subfield><subfield code="b">eng</subfield><subfield code="c">NPU</subfield><subfield code="d">NPX</subfield><subfield code="d">NYS</subfield><subfield code="d">OCL</subfield><subfield code="d">NYG</subfield><subfield code="d">OCLCQ</subfield><subfield code="d">OCLCF</subfield><subfield code="d">OCLCO</subfield></datafield><datafield ind1="1" ind2=" " tag="029"><subfield code="a">AU@</subfield><subfield code="b">000020227351</subfield></datafield><datafield ind1=" " ind2=" " tag="042"><subfield code="a">pcc</subfield></datafield><datafield ind1=" " ind2=" " tag="043"><subfield code="a">n-us-ny</subfield></datafield><datafield ind1="0" ind2="0" tag="245"><subfield code="a">Schenectady Democrat.</subfield></datafield><datafield ind1=" " ind2=" " tag="260"><subfield code="a">Schenectady, N.Y. :</subfield><subfield code="b">Clark &amp; Colborne,</subfield><subfield code="c">-1860.</subfield></datafield><datafield ind1=" " ind2=" " tag="300"><subfield code="a">v. ;</subfield><subfield code="c">63 cm.</subfield></datafield><datafield ind1=" " ind2=" " tag="310"><subfield code="a">Weekly</subfield></datafield><datafield ind1="1" ind2=" " tag="362"><subfield code="a">Began in Jan. 1854</subfield><subfield code="z">Cf. Gregory, W. Amer. newspapers.</subfield></datafield><datafield ind1="0" ind2=" " tag="362"><subfield code="a">-v. 7, no. 4 (Nov. 1, 1860).</subfield></datafield><datafield ind1=" " ind2=" " tag="500"><subfield code="a">Publishers: Clark &amp; Colborne, &lt;1855&gt;; Alex J. Thompson, &lt;1857&gt;-1859; Cyrus Thayer, 1859-1860.</subfield></datafield><datafield ind1=" " ind2=" " tag="515"><subfield code="a">Oct. 16, 1855 issue misdated Oct. 19, 1855.</subfield></datafield><datafield ind1=" " ind2=" " tag="515"><subfield code="a">Nov. 6, 1855 issue misdated Oct. 13, 1855.</subfield></datafield><datafield ind1=" " ind2=" " tag="588"><subfield code="a">Description based on: Vol. 2, no. 18 (Feb. 6, 1855).</subfield></datafield><datafield ind1=" " ind2="0" tag="651"><subfield code="a">Schenectady (N.Y.)</subfield><subfield code="v">Newspapers.</subfield></datafield><datafield ind1=" " ind2="0" tag="651"><subfield code="a">Schenectady County (N.Y.)</subfield><subfield code="v">Newspapers.</subfield></datafield><datafield ind1=" " ind2="7" tag="655"><subfield code="a">Newspapers.</subfield><subfield code="2">fast</subfield><subfield code="0">(OCoLC)fst01423814</subfield></datafield><datafield ind1=" " ind2="7" tag="651"><subfield code="a">New York (State)</subfield><subfield code="z">Schenectady.</subfield><subfield code="2">fast</subfield><subfield code="0">(OCoLC)fst01202844</subfield></datafield><datafield ind1=" " ind2="7" tag="651"><subfield code="a">New York (State)</subfield><subfield code="z">Schenectady County.</subfield><subfield code="2">fast</subfield><subfield code="0">(OCoLC)fst01211829</subfield></datafield><datafield ind1=" " ind2=" " tag="752"><subfield code="a">United States</subfield><subfield code="b">New York</subfield><subfield code="c">Schenectady</subfield><subfield code="d">Schenectady.</subfield></datafield><datafield ind1="0" ind2="7" tag="785"><subfield code="t">Reflector and Schenectady Democrat (Schenectady, N.Y. : 1859)</subfield><subfield code="w">(DLC)sn 87070140</subfield><subfield code="w">(OCoLC)16562128</subfield></datafield><datafield ind1="0" ind2="7" tag="785"><subfield code="t">Schenectady Democrat. And reflector</subfield><subfield code="w">(DLC)sn 83031700</subfield><subfield code="w">(OCoLC)9962726</subfield></datafield></record>